@book{boyd2004convex,
  title={Convex optimization},
  author={Boyd, Stephen and Vandenberghe, Lieven},
  year={2004},
  publisher={Cambridge university press}
}
@misc{ wiki:xxx,
	author = "Wikipedia",
	title = "Quickhull --- Wikipedia{,} The Free Encyclopedia",
	year = "2016",
	url = "https://en.wikipedia.org/w/index.php?title=Quickhull&oldid=726726009",
	note = "[Online; accessed 14-August-2016]"
}